%%%%%%%%%%%%%%%%%%%%%%%%%%%%%%%%%%%%%%%%%%%%%%%%%%%%%%%%%%%%%%%%%%%%%%%
%                          paper.bib
%
% BibTeX file template for papers conforming to the United States
% Sections of the Combustion Institue style guide.
%
% Authors:
%     Bryan W. Weber, University of Connecticut
%     Kyle E. Niemeyer, Oregon State University
%
% Modified by
% 	  Nick Curtis, University of Connecticut
%
% This work is licensed under the Creative Commons Attribution 4.0
% International License. To view a copy of this license, visit
% http://creativecommons.org/licenses/by/4.0/.
%%%%%%%%%%%%%%%%%%%%%%%%%%%%%%%%%%%%%%%%%%%%%%%%%%%%%%%%%%%%%%%%%%%%%%%

@inproceedings{gray2000rules,
  title={Rules of thumb in data engineering},
  author={Gray, Jim and Shenoy, Prashant},
  booktitle={Data Engineering, 2000. Proceedings. 16th International Conference on},
  pages={3--10},
  year={2000},
  organization={IEEE}
}

@book{TurnsStephenR2012Aitc,
publisher = {McGraw-Hill},
isbn = {9780073380193},
year = {2012},
title = {An Introduction to Combustion: Concepts and Applications},
edition = {3rd ed.},
language = {Eng.},
address = {New York},
author = {Turns, Stephen R},
lccn = {2010034538},
}

@article{CurtisGPU:2017,
	Author = {Curtis, Nicholas J and Niemeyer, Kyle Evan and Sung, Chih-Jen},
	title = {An investigation of {GPU}-based stiff chemical kinetics integration methods},
	journal = {Combust. Flame},
	doi = {10.1016/j.combustflame.2017.02.005},
	year = {2017}
	}
	
@article{Sewerin20151375,
	Author = {Fabian Sewerin and Stelios Rigopoulos},
	Date-Modified = {2015-12-02 09:31:51 +0000},
	Doi = {10.1016/j.combustflame.2014.11.003},
	Journal = {Combust. Flame},
	Number = {4},
	Pages = {1375--1394},
	Title = {A methodology for the integration of stiff chemical kinetics on {GPUs}},
	Volume = {162},
	Year = {2015},
	Bdsk-Url-1 = {http://dx.doi.org/10.1016/j.combustflame.2014.11.003}}

@misc{stone2016,
   author = {{Stone}, C.~P. and {Niemeyer}, K.~E.},
   title = {Accelerating finite-rate chemical kinetics with coprocessors: comparing vectorization methods on {GPUs}, {MICs}, and {CPUs}},
   Note = {Under review. {\tt \href{https://arxiv.org/abs/1608.05794}{arXiv:1608.05794} [physics.comp-ph]}},
   year = {2016},
   month = {Aug},
}
@article{stone2010opencl,
 author = {Stone, John E. and Gohara, David and Shi, Guochun},
 title = {OpenCL: A Parallel Programming Standard for Heterogeneous Computing Systems},
 journal = {IEEE Des. Test},
 issue_date = {May 2010},
 volume = {12},
 number = {3},
 month = {may},
 year = {2010},
 issn = {0740-7475},
 pages = {66--73},
 numpages = {8},
 url = {http://dx.doi.org/10.1109/MCSE.2010.69},
 doi = {10.1109/MCSE.2010.69},
 acmid = {1803953},
 publisher = {IEEE Comput. Society Press},
 address = {Los Alamitos, CA, USA}
}
@article{kroshko2013efficient,
journal = {J. Comput. Sci},
title = {Efficient {SIMD} solution of multiple systems of stiff {IVPs}},
volume = {4},
number = {5},
pages = {377 - 385},
year = {2013},
doi = {http://dx.doi.org/10.1016/j.jocs.2012.08.017},
@url = "http://www.sciencedirect.com/science/article/pii/S1877750312001068",
author = {Andrew Kroshko and Raymond J. Spiteri}
}

@article{Niemeyer:2016aa,
	Author = {Niemeyer, Kyle E and Curtis, N J and Sung, C J},
	Month = {Feb},
	issn = {0010-4655},
	doi = {10.1016/j.cpc.2017.02.004},
	Bdsk-Url-1 = {http://www.sciencedirect.com/science/article/pii/S0010465517300462},
	journal = {Comput. Phys. Comm. },
	volume = {},
        number = {},
	pages = {},
	title = {\texttt{pyJac}: analytical {Jacobian} generator for chemical kinetics},
	Year = {2017}}

@inproceedings{kloeckner_loopy_2014,
	author = {{Kl{\"o}ckner}, Andreas},
	@title = {Loo.py: transformation-based code~generation for {GPU}s and {CPU}s},
	booktitle = {Proc. ARRAY `14: ACM SIGPLAN Workshop Libr., Lang., Compil. Array Progr.},
	year = 2014,
	publisher = {Assoc. Comput. Mach.},
	address = {Edinburgh, Scotland.},
	doi = {10.1145/2627373.2627387},
}

@article{kloeckner_pycuda_2012,
   author = {{Kl{\"o}ckner}, Andreas
        and {Pinto}, Nicolas
        and {Lee}, Yunsup
        and {Catanzaro}, B.
        and {Ivanov}, Paul
        and {Fasih}, Ahmed },
   title = "{PyCUDA and PyOpenCL: A Scripting-Based Approach to GPU Run-Time Code Generation}",
   journal = "Parallel Computing",
   volume = "38",
   number = "3",
   pages = "157--174",
   year = "2012",
   issn = "0167-8191",
   doi = "10.1016/j.parco.2011.09.001",
}

@article{dagum1998openmp,
    Author = {Dagum, Leonardo and Menon, Ramesh},
    Date-Added = {2014-07-24 11:13:01 +0000},
    Date-Modified = {2014-07-24 11:13:01 +0000},
    Journal = {Computational Science \& Engineering, IEEE},
    Number = {1},
    Pages = {46--55},
    Publisher = {IEEE},
    Title = {OpenMP: an industry standard API for shared-memory programming},
    Volume = {5},
    Year = {1998}}

@article{poclIJPP,
year={2015},
issn={0885-7458},
journal={International Journal of Parallel Programming},
volume={43},
number={5},
doi={10.1007/s10766-014-0320-y},
title={pocl: A Performance-Portable OpenCL Implementation},
url={http://dx.doi.org/10.1007/s10766-014-0320-y},
publisher={Springer US},
keywords={OpenCL; LLVM; GPGPU; VLIW; SIMD; Parallel programming; Heterogeneous platforms; Performance portability},
author={J\"a\"askel\"ainen, Pekka and de La Lama, Carlos S\'anchez and Schnetter, Erik and Raiskila, Kalle and Takala, Jarmo and Berg, Heikki},
pages={752-785},
language={English}
}

@misc{adept-v11,
	Author = {Hogan, Robin J},
	Date-Added = {2016-01-24 00:23:38 +0000},
	Date-Modified = {2016-01-24 00:24:34 +0000},
	Howpublished = {Available at \url{https://github.com/rjhogan/Adept}},
	Month = jun,
	Title = {\texttt{Adept} v1.1},
	Year = {2015}}
	
@article{hogan2014fast,
	Author = {Hogan, Robin J},
	Date-Modified = {2016-03-11 20:48:26 +0000},
	Doi = {10.1145/2560359},
	Journal = {ACM Trans. Math. Software},
	Number = {4},
	Pages = {26},
	Title = {Fast Reverse-Mode Automatic Differentiation using Expression Templates in \texttt{C++}},
	Volume = {40},
	Year = {2014}}


@misc{Cantera,
   author = {David G. Goodwin and Harry K. Moffat and Raymond L. Speth},
   @title = {Cantera: An Object-oriented Software Toolkit for Chemical
            Kinetics, Thermodynamics, and Transport Processes},
   year = {2017},
   note = {Version 2.3.0},
   howpublished = {\url{http://www.cantera.org}},
   doi = {10.5281/zenodo.170284}
}

@article{goldberg1991every,
  title={What every computer scientist should know about floating-point arithmetic},
  author={Goldberg, David},
  journal={ACM Comput. Surv. (CSUR)},
  volume={23},
  number={1},
  pages={5--48},
  year={1991},
  publisher={ACM}
}

@article{Burke:2011fh,
	Author = {Burke, Michael P and Chaos, Marcos and Ju, Yiguang and Dryer, Frederick L and Klippenstein, Stephen J},
	Date-Added = {2015-07-22 13:21:29 +0000},
	Date-Modified = {2016-03-12 21:21:27 +0000},
	Doi = {10.1002/kin.20603},
	Journal = {Int. J. Chem. Kinet.},
	Number = {7},
	Pages = {444--474},
	title = {Comprehensive {H}$_2$\slash {O}$_2$ kinetic model for high-pressure combustion},
	Volume = {44},
	Year = {2011}}
	
	
@misc{smith_gri-mech_30,
	Author = {Smith, Gregory P. and Golden, David M. and Frenklach, Michael and Moriarty, Nigel W. and Eiteneer, Boris and Goldenberg, Mikhail and Bowman, C. Thomas and Hanson, Ronald K. and Song, Soonho and Gardiner, William C. and Lissianski, Vitali V. and Qin, Zhiwei},
	Date-Modified = {2015-08-27 03:38:03 +0000},
	Howpublished = {\url{http://www.me.berkeley.edu/gri_mech/}},
	Title = {{GRI}-{Mech} 3.0}}
	
@misc{Wang:2007,
	Author = {Hai Wang and Xiaoqing You and Ameya V Joshi and Scott G Davis and Alexander Laskin and Fokion Egolfopoulos and Chung K Law},
	Date-Added = {2015-07-22 13:23:25 +0000},
	Date-Modified = {2015-07-22 13:23:25 +0000},
	Howpublished = {\url{http://ignis.usc.edu/USC_Mech_II.htm}},
	Month = may,
	Title = {{USC Mech Version II}.\ {High}-Temperature Combustion Reaction Model of {H}$_2$\slash{CO}\slash{C}$_1$--{C}$_4$ Compounds},
	Year = {2007}}
	
@article{Sarathy:2013jr,
	Author = {Sarathy, S Mani and Park, Sungwoo and Weber, Bryan W and Wang, Weijing and Veloo, Peter S and Davis, Alexander C and Togbe, Casimir and Westbrook, Charles K and Park, Okjoo and Dayma, Guillaume and Luo, Zhaoyu and Oehlschlaeger, Matthew A and Egolfopoulos, Fokion N and Lu, Tianfeng and Pitz, William J and Sung, Chih Jen and Dagaut, Philippe},
	Date-Added = {2015-11-30 05:54:07 +0000},
	Date-Modified = {2016-03-11 20:49:33 +0000},
	Doi = {10.1016/j.combustflame.2013.06.022},
	Journal = {Combust. Flame},
	Number = {12},
	Pages = {2712--2728},
	title = {A comprehensive experimental and modeling study of iso-pentanol combustion},
	Volume = {160},
	Year = {2013}}
	
@article{lindholm2008nvidia,
	title={{NVIDIA} Tesla: A unified graphics and computing architecture},
	author={Lindholm, Erik and Nickolls, John and Oberman, Stuart and Montrym, John},
	journal={IEEE micro},
	volume={28},
	number={2},
	year={2008},
	publisher={IEEE}
}

@misc{NVIDIA:2018,
	Author = {{NVIDIA}},
	Howpublished = {\href{https://docs.nvidia.com/cuda/pdf/CUDA_C_Programming_Guide.pdf}{\nolinkurl{https://docs.nvidia.com/cuda/pdf/CUDA_C_Programming_Guide.pdf}}},
	Month = {Jan},
	Title = {{CUDA C} Programming Guide, version 9.0},
	Year = {2018}}
	
@misc{travis:2018,
        title = {{Travis CI - Test and Deploy Your Code with Confidence}},
        author = {Travis CI, GmbH},
        year = {2018},
        urldate = {2018-02-12},
        howpublished={\url{http://web.archive.org/web/20080207010024/http://www.808multimedia.com/winnt/kernel.htm}}}
        
@misc{intelopencl:2018,
	title={{OpenCL™ Drivers and Runtimes for Intel® Architecture}},
	author={Intel Corporation},
	year={2018},
	urldate = {2018-02-12},
        howpublished={\url{https://software.intel.com/en-us/articles/opencl-drivers#latest_CPU_runtime}}}
        
@incollection{Spafford:2010aa,
	Address = {Berlin, Heidelberg},
	Author = {Spafford, Kyle and Meredith, Jeremy and Vetter, Jeffrey and Chen, Jacqueline and Grout, Ray and Sankaran, Ramanan},
	Booktitle = {Euro-Par 2009 Parallel Processing Workshops, LNCS 6043},
	Date-Modified = {2015-12-02 09:31:51 +0000},
	Doi = {10.1007/978-3-642-14122-5_16},
	Pages = {122--131},
	Publisher = {Springer-Verlag},
	Title = {Accelerating {S3D}: A {GPGPU} Case Study},
	Year = {2010},
	Bdsk-Url-1 = {http://dx.doi.org/10.1007/978-3-642-14122-5_16}}
	
@article{Shi:2011aa,
	Author = {Shi, Yu and Green, William H. and Wong, Hsi-Wu and Oluwole, Oluwayemisi O.},
	Date-Modified = {2016-06-05 00:28:15 +0000},
	Doi = {10.1016/j.combustflame.2011.01.024},
	Journal = {Combust. Flame},
	Number = {5},
	Pages = {836--847},
	Title = {Redesigning combustion modeling algorithms for the Graphics Processing Unit ({GPU}): Chemical kinetic rate evaluation and ordinary differential equation integration},
	Volume = {158},
	Year = {2011},
	Bdsk-Url-1 = {http://dx.doi.org/10.1016/j.combustflame.2011.01.024}}
	
@article{Shi:2012aa,
	Author = {Shi, Yu and Green, William H. and Wong, Hsi-Wu and Oluwole, Oluwayemisi O.},
	Date-Modified = {2015-12-02 09:31:51 +0000},
	Doi = {10.1016/j.combustflame.2012.02.016},
	Journal = {Combust. Flame},
	Number = {7},
	Pages = {2388--2397},
	Title = {Accelerating multi-dimensional combustion simulations using {GPU} and hybrid explicit\slash implicit {ODE} integration},
	Volume = {159},
	Year = {2012},
	Bdsk-Url-1 = {http://dx.doi.org/10.1016/j.combustflame.2012.02.016}}
	
@inproceedings{Niemeyer:2011aa,
	Author = {Niemeyer, Kyle Evan and Sung, Chih Jen and Fotache, Catalin G. and Lee, Jeremiah C.},
	Booktitle = {Fall 2011 Technical Meeting of the Eastern States Section of the Combustion Institute},
	Date-Modified = {2016-06-05 00:27:52 +0000},
	Doi = {10.6084/m9.figshare.3384964},
	Location = {Storrs, {CT}, {USA}},
	Month = oct,
	Title = {Turbulence-chemistry closure method using graphics processing units: a preliminary test},
	Bdsk-Url-1 = {http://dx.doi.org/10.6084/m9.figshare.3384964}}
	
@article{Le2013596,
	Author = {Hai P. Le and Jean-Luc Cambier and Lord K. Cole},
	Date-Modified = {2015-12-02 09:31:51 +0000},
	Doi = {10.1016/j.cpc.2012.10.013},
	Journal = {Comput. Phys. Comm.},
	Number = {3},
	Pages = {596--606},
	Title = {{GPU}-based flow simulation with detailed chemical kinetics},
	Volume = {184},
	Year = {2013},
	Bdsk-Url-1 = {http://dx.doi.org/10.1016/j.cpc.2012.10.013}}
	
@article{Stone:2013aa,
	Author = {Stone, Christopher P and Davis, Roger L},
	Date-Modified = {2015-12-02 09:31:51 +0000},
	Doi = {10.2514/1.B34874},
	Journal = {J. Propul. Power},
	Number = {4},
	Pages = {764--773},
	Title = {Techniques for solving stiff chemical kinetics on graphical processing units},
	Volume = {29},
	Year = {2013},
	Bdsk-Url-1 = {http://dx.doi.org/10.2514/1.B34874}}
	
@techreport{kee1989chemkin,
  title={{Chemkin-II: A Fortran chemical kinetics package for the analysis of gas-phase chemical kinetics}},
  author={Kee, Robert J and Rupley, Fran M and Miller, James A},
  year={1989},
  institution={Sandia National Labs., Livermore, CA}
}

@book{Anderson:1999aa,
	Address = {Philadelphia, PA},
	Author = {Anderson, Edward and Bai, Zhaojun and Bischof, Christian and Blackford, Susan and Demmel, James and Dongarra, Jack and Du Croz, Jeremy and Greenbaum, Anne and Hammarling, S and McKenney, Alan and Sorensen, D},
	Date-Added = {2015-08-24 22:20:09 +0000},
	Date-Modified = {2015-08-24 22:21:52 +0000},
	Edition = {3rd},
	Publisher = {SIAM},
	Title = {{LAPACK} Users' Guide},
	Year = {1999}}
	
@article{Brown:1989vl,
	Annote = {originally LLNL Report UCRL-98412},
	Author = {Brown, Peter N and Byrne, George D and Hindmarsh, Alan C},
	Date-Added = {2015-08-26 07:14:43 +0000},
	Date-Modified = {2015-08-26 07:14:43 +0000},
	Doi = {10.1137/0910062},
	Journal = {SIAM J. Sci. Stat. Comput.},
	Number = {5},
	Pages = {1038--1051},
	Title = {{VODE}: a Variable-Coefficient {ODE} Solver},
	Volume = {10},
	Year = {1989},
	Bdsk-Url-1 = {http://dx.doi.org/10.1137/0910062}}
	
@book{wanner1991solving,
	Author = {Wanner, G and Hairer, E},
	Doi = {10.1007/978-3-642-05221-7},
	Edition = {2},
	Publisher = {Springer-Verlag, Berlin},
	Title = {Solving Ordinary Differential Equations II: Stiff and Differential-Algebraic Problems},
	Year = {1996},
	Bdsk-Url-1 = {http://dx.doi.org/10.1007/978-3-642-05221-7}}
	
@article{Niemeyer:2014aa,
	Author = {Niemeyer, Kyle E. and Sung, Chih Jen},
	Date-Modified = {2016-06-05 00:26:33 +0000},
	Doi = {10.1016/j.jcp.2013.09.025},
	Journal = {J. Comput. Phys.},
	Pages = {854--871},
	Title = {Accelerating moderately stiff chemical kinetics in reactive-flow simulations using {GPUs}},
	Volume = {256},
	Year = {2014},
	Bdsk-Url-1 = {http://dx.doi.org/10.1016/j.jcp.2013.09.025}}

@inproceedings{Linford:2009,
  title={Chemical kinetics on multi-core SIMD architectures},
  author={Linford, John C and Sandu, Adrian},
  booktitle={Proc. 9th Int. Conf. Comput. Sci.},
  year={2009}
}

@article{Linford:2011, 
author={J. C. Linford and J. Michalakes and M. Vachharajani and A. Sandu}, 
journal={IEEE Trans. Parallel Distrib. Syst.}, 
title={Automatic Generation of Multicore Chemical Kernels}, 
year={2011}, 
volume={22}, 
number={1}, 
pages={119-131}, 
@keywords={atmospheric chemistry;chemistry computing;environmental science computing;microprocessor chips;multiprocessing systems;parallel architectures;program compilers;reaction kinetics;software tools;CMAQ;CUDA;Intel Quad-Core Xeon CPUs;KPPA;NVIDIA GPU;WRF-Chem;automatic generation;cell broadband engine;chemical kinetics kernel;code generation tool;community multiscale air quality model;kinetics preprocessor accelerated;multicore architecture;multicore chemical kernel;Atmospheric modeling;Chemical analysis;Chemistry;Computational modeling;Computer architecture;Engines;Kernel;Kinetic theory;Meteorology;Predictive models;CMAQ.;Cell Broadband Engine;KPPA;Kinetics PreProcessor;NVIDIA CUDA;OpenMP;WRF-Chem;atmospheric modeling;chemical kinetics;multicore}, 
doi={10.1109/TPDS.2010.106}, 
@ISSN={1045-9219}, 
month={Jan},}

@article{Yonkee2016,
author = {Nathan Yonkee and James C. Sutherland},
title = {PoKiTT: Exposing Task and Data Parallelism on Heterogeneous Architectures for Detailed Chemical Kinetics, Transport, and Thermodynamics Calculations},
journal = {SIAM Journal on Scientific Computing},
volume = {38},
number = {5},
pages = {S264-S281},
year = {2016},
doi = {10.1137/15M1026237}
}
